{
  "patterns": [
    {
      "time": "2026-06-19T18:31:26.227995",
      "equity": 1000.0
    },
    {
      "time": "2026-06-19T18:35:29.603958",
      "equity": 1000.0
    },
    {
      "time": "2026-06-19T18:40:33.488125",
      "equity": 1000.0
    },
    {
      "time": "2026-06-19T18:45:32.513978",
      "equity": 1000.0
    },
    {
      "time": "2026-06-19T18:50:36.513201",
      "equity": 1000.0
    },
    {
      "time": "2026-06-19T18:55:28.329349",
      "equity": 1000.0
    }
  ],
  "trades": [],
  "decisions": [],
  "pending_orders": [
    {
      "id": "83105181-3bcb-47c8-b815-003b45768ab0",
      "symbol": "VOO",
      "side": "buy",
      "qty": 0,
      "price": 688.1099853515625,
      "time": "2026-06-19T18:45:32.513978"
    },
    {
      "id": "98c5d81f-aa16-468f-b3f9-0facbed31275",
      "symbol": "SPY",
      "side": "buy",
      "qty": 0,
      "price": 746.739990234375,
      "time": "2026-06-19T18:45:32.513978"
    },
    {
      "id": "e1e07d07-11a7-4d2a-a616-49f59c89b88a",
      "symbol": "QQQ",
      "side": "buy",
      "qty": 0,
      "price": 740.6199951171875,
      "time": "2026-06-19T18:45:32.513978"
    },
    {
      "id": "4670083a-b811-44dc-8059-d6913c923f45",
      "symbol": "AMD",
      "side": "buy",
      "qty": 0,
      "price": 537.3699951171875,
      "time": "2026-06-19T18:45:32.513978"
    },
    {
      "id": "422f3314-50f2-4b98-a960-2cf5cd33fab0",
      "symbol": "TSM",
      "side": "buy",
      "qty": 0,
      "price": 462.1199951171875,
      "time": "2026-06-19T18:45:32.513978"
    },
    {
      "id": "5d7ece88-dcfd-4ee4-9aa9-440e7fa4a822",
      "symbol": "TLT",
      "side": "buy",
      "qty": 0,
      "price": 86.75,
      "time": "2026-06-19T18:45:32.513978"
    },
    {
      "id": "7f5448de-9a84-4b2a-8e8c-7e57c8c98a8f",
      "symbol": "VOO",
      "side": "buy",
      "qty": 0,
      "price": 688.1099853515625,
      "time": "2026-06-19T18:50:36.513201"
    },
    {
      "id": "3eac7040-b2db-4307-9afb-cdb918998b52",
      "symbol": "SPY",
      "side": "buy",
      "qty": 0,
      "price": 746.739990234375,
      "time": "2026-06-19T18:50:36.513201"
    },
    {
      "id": "fe5ae243-2154-452c-921d-1c36c756b144",
      "symbol": "QQQ",
      "side": "buy",
      "qty": 0,
      "price": 740.6199951171875,
      "time": "2026-06-19T18:50:36.513201"
    },
    {
      "id": "df60a904-437b-434c-9e0e-3e7201880cd8",
      "symbol": "AMD",
      "side": "buy",
      "qty": 0,
      "price": 537.3699951171875,
      "time": "2026-06-19T18:50:36.513201"
    },
    {
      "id": "be65248a-c151-4481-b9bd-4ea542e7e752",
      "symbol": "TSM",
      "side": "buy",
      "qty": 0,
      "price": 462.1199951171875,
      "time": "2026-06-19T18:50:36.513201"
    },
    {
      "id": "dc3d00bb-c7f2-414b-b4c4-316ab0a36554",
      "symbol": "TLT",
      "side": "buy",
      "qty": 0,
      "price": 86.75,
      "time": "2026-06-19T18:50:36.513201"
    },
    {
      "id": "507f32c2-0ee9-4b89-860d-a015604d50b6",
      "symbol": "VOO",
      "side": "buy",
      "qty": 0,
      "price": 688.1099853515625,
      "time": "2026-06-19T18:55:28.329349"
    },
    {
      "id": "7f771e51-ae9d-4dbb-8dd5-d9feb85b476d",
      "symbol": "SPY",
      "side": "buy",
      "qty": 0,
      "price": 746.739990234375,
      "time": "2026-06-19T18:55:28.329349"
    },
    {
      "id": "f2709d88-cbf6-4384-b4b9-85a3a18367bb",
      "symbol": "QQQ",
      "side": "buy",
      "qty": 0,
      "price": 740.6199951171875,
      "time": "2026-06-19T18:55:28.329349"
    },
    {
      "id": "288fd1a3-b12e-41fd-b7e6-c4e0215804e6",
      "symbol": "AMD",
      "side": "buy",
      "qty": 0,
      "price": 537.3699951171875,
      "time": "2026-06-19T18:55:28.329349"
    },
    {
      "id": "d001d41d-eed4-4807-946e-c690115775ef",
      "symbol": "TSM",
      "side": "buy",
      "qty": 0,
      "price": 462.1199951171875,
      "time": "2026-06-19T18:55:28.329349"
    },
    {
      "id": "2b978b78-804f-4b09-8d9e-fa9ee4ff9d1e",
      "symbol": "TLT",
      "side": "buy",
      "qty": 0,
      "price": 86.75,
      "time": "2026-06-19T18:55:28.329349"
    }
  ],
  "start_equity": 1000,
  "last_equity": 1000
}