{
  "patterns": [
    {
      "time": "2026-06-19T18:31:26.227995",
      "equity": 1000.0
    },
    {
      "time": "2026-06-19T18:35:29.603958",
      "equity": 1000.0
    }
  ],
  "trades": [],
  "decisions": [],
  "pending_orders": [
    {
      "id": "cdbc5e1b-4e9f-4c7c-b0b5-4fbdfcbe8813",
      "symbol": "VOO",
      "side": "buy",
      "qty": 0,
      "price": 688.1099853515625,
      "time": "2026-06-19T18:31:26.227995"
    },
    {
      "id": "6a9ffcf5-1fb7-47a6-a304-6b14ed2ce334",
      "symbol": "SPY",
      "side": "buy",
      "qty": 0,
      "price": 746.739990234375,
      "time": "2026-06-19T18:31:26.227995"
    },
    {
      "id": "8ffa2b4e-60bd-4e9b-81dc-4556e7e91d6e",
      "symbol": "QQQ",
      "side": "buy",
      "qty": 0,
      "price": 740.6199951171875,
      "time": "2026-06-19T18:31:26.227995"
    },
    {
      "id": "2bc568cf-ac17-4062-9c72-80d5d4ded487",
      "symbol": "AMD",
      "side": "buy",
      "qty": 0,
      "price": 537.3699951171875,
      "time": "2026-06-19T18:31:26.227995"
    },
    {
      "id": "7ab9a190-ad25-4569-acaf-0ef7196b6e8f",
      "symbol": "TSM",
      "side": "buy",
      "qty": 0,
      "price": 462.1199951171875,
      "time": "2026-06-19T18:31:26.227995"
    },
    {
      "id": "3b73c286-e1fe-466e-a276-cd330a58e61c",
      "symbol": "TLT",
      "side": "buy",
      "qty": 0,
      "price": 86.75,
      "time": "2026-06-19T18:31:26.227995"
    },
    {
      "id": "784e51d2-6de6-408c-9f3d-f480bdf86483",
      "symbol": "VOO",
      "side": "buy",
      "qty": 0,
      "price": 688.1099853515625,
      "time": "2026-06-19T18:35:29.603958"
    },
    {
      "id": "c5a0735c-0440-4173-957e-97674aa5d155",
      "symbol": "SPY",
      "side": "buy",
      "qty": 0,
      "price": 746.739990234375,
      "time": "2026-06-19T18:35:29.603958"
    },
    {
      "id": "92729caf-747d-41ba-a9cf-24c5cf98fe82",
      "symbol": "QQQ",
      "side": "buy",
      "qty": 0,
      "price": 740.6199951171875,
      "time": "2026-06-19T18:35:29.603958"
    },
    {
      "id": "b41ac7d4-e937-439e-a38d-184e147e0b00",
      "symbol": "AMD",
      "side": "buy",
      "qty": 0,
      "price": 537.3699951171875,
      "time": "2026-06-19T18:35:29.603958"
    },
    {
      "id": "8c844084-13f4-4d12-a5f3-9371928b8893",
      "symbol": "TSM",
      "side": "buy",
      "qty": 0,
      "price": 462.1199951171875,
      "time": "2026-06-19T18:35:29.603958"
    },
    {
      "id": "3abe1a5c-888a-409c-987c-7b8a02e4cf7e",
      "symbol": "TLT",
      "side": "buy",
      "qty": 0,
      "price": 86.75,
      "time": "2026-06-19T18:35:29.603958"
    }
  ],
  "start_equity": 1000,
  "last_equity": 1000
}