{
  "patterns": [
    {
      "time": "2026-06-19T18:31:26.227995",
      "equity": 1000.0
    },
    {
      "time": "2026-06-19T18:35:29.603958",
      "equity": 1000.0
    },
    {
      "time": "2026-06-19T18:40:33.488125",
      "equity": 1000.0
    },
    {
      "time": "2026-06-19T18:45:32.513978",
      "equity": 1000.0
    }
  ],
  "trades": [],
  "decisions": [],
  "pending_orders": [
    {
      "id": "d46f7d86-49bf-4be9-b81a-0d07506257c5",
      "symbol": "VOO",
      "side": "buy",
      "qty": 0,
      "price": 688.1099853515625,
      "time": "2026-06-19T18:40:33.488125"
    },
    {
      "id": "50c23b00-70eb-43ce-ae3d-8bcf806c2bd5",
      "symbol": "SPY",
      "side": "buy",
      "qty": 0,
      "price": 746.739990234375,
      "time": "2026-06-19T18:40:33.488125"
    },
    {
      "id": "46e5275e-ad93-44fe-9460-356c3707cfff",
      "symbol": "QQQ",
      "side": "buy",
      "qty": 0,
      "price": 740.6199951171875,
      "time": "2026-06-19T18:40:33.488125"
    },
    {
      "id": "8de51648-0528-4c0b-976d-fd7bf87fc0ff",
      "symbol": "AMD",
      "side": "buy",
      "qty": 0,
      "price": 537.3699951171875,
      "time": "2026-06-19T18:40:33.488125"
    },
    {
      "id": "fde1a29f-830a-40a7-9551-f1e725ebbe56",
      "symbol": "TSM",
      "side": "buy",
      "qty": 0,
      "price": 462.1199951171875,
      "time": "2026-06-19T18:40:33.488125"
    },
    {
      "id": "2fe22558-3b76-44fd-b848-92f01bc6179f",
      "symbol": "TLT",
      "side": "buy",
      "qty": 0,
      "price": 86.75,
      "time": "2026-06-19T18:40:33.488125"
    },
    {
      "id": "83105181-3bcb-47c8-b815-003b45768ab0",
      "symbol": "VOO",
      "side": "buy",
      "qty": 0,
      "price": 688.1099853515625,
      "time": "2026-06-19T18:45:32.513978"
    },
    {
      "id": "98c5d81f-aa16-468f-b3f9-0facbed31275",
      "symbol": "SPY",
      "side": "buy",
      "qty": 0,
      "price": 746.739990234375,
      "time": "2026-06-19T18:45:32.513978"
    },
    {
      "id": "e1e07d07-11a7-4d2a-a616-49f59c89b88a",
      "symbol": "QQQ",
      "side": "buy",
      "qty": 0,
      "price": 740.6199951171875,
      "time": "2026-06-19T18:45:32.513978"
    },
    {
      "id": "4670083a-b811-44dc-8059-d6913c923f45",
      "symbol": "AMD",
      "side": "buy",
      "qty": 0,
      "price": 537.3699951171875,
      "time": "2026-06-19T18:45:32.513978"
    },
    {
      "id": "422f3314-50f2-4b98-a960-2cf5cd33fab0",
      "symbol": "TSM",
      "side": "buy",
      "qty": 0,
      "price": 462.1199951171875,
      "time": "2026-06-19T18:45:32.513978"
    },
    {
      "id": "5d7ece88-dcfd-4ee4-9aa9-440e7fa4a822",
      "symbol": "TLT",
      "side": "buy",
      "qty": 0,
      "price": 86.75,
      "time": "2026-06-19T18:45:32.513978"
    }
  ],
  "start_equity": 1000,
  "last_equity": 1000
}